<collection xmlns="http://www.loc.gov/MARC21/slim">
<record>
  <leader>01613nam0a22003011i 450 </leader>
  <controlfield tag="001">IT\ICCU\CNCE\068237</controlfield>
  <controlfield tag="005">20151021000000.0</controlfield>
  <datafield tag="012" ind1=" " ind2=" ">
    <subfield code="a">zela e.uo o,a. quPo (3) 1557 (A)</subfield>
    <subfield code="2">fei</subfield>
  </datafield>
  <datafield tag="100" ind1=" " ind2=" ">
    <subfield code="a">20061002d1557        0itac0103    ba</subfield>
  </datafield>
  <datafield tag="101" ind1=" " ind2=" ">
    <subfield code="a">ITA</subfield>
  </datafield>
  <datafield tag="102" ind1=" " ind2=" ">
    <subfield code="a">IT</subfield>
  </datafield>
  <datafield tag="200" ind1="1" ind2=" ">
    <subfield code="a">Due dialoghi di Ruzzante in lingua rustica, sententiosi, arguti, et ridiculosissimi, nuouamente venuti in luce</subfield>
  </datafield>
  <datafield tag="210" ind1=" " ind2=" ">
    <subfield code="a">In Vinegia</subfield>
    <subfield code="c">appresso Stefano de Alessi</subfield>
    <subfield code="d">alla libraria del Caualletto</subfield>
    <subfield code="d">in Calle della Bissa</subfield>
    <subfield code="d">al ponte de San Lio</subfield>
    <subfield code="d">1557</subfield>
    <subfield code="e">In Vinegia</subfield>
    <subfield code="g">appresso Stefano de Alessi</subfield>
    <subfield code="h">alla libraria del Caualletto</subfield>
    <subfield code="h">in Calle della Bissa</subfield>
    <subfield code="h">al ponte de San Lio</subfield>
    <subfield code="h">1557</subfield>
  </datafield>
  <datafield tag="215" ind1=" " ind2=" ">
    <subfield code="a">20 c.</subfield>
    <subfield code="d">8ʻ</subfield>
  </datafield>
  <datafield tag="620" ind1=" " ind2=" ">
    <subfield code="a">IT</subfield>
    <subfield code="d">Venezia</subfield>
  </datafield>
  <datafield tag="700" ind1=" " ind2="0">
    <subfield code="a">Ruzzante</subfield>
    <subfield code="3">IT\ICCU\CNCA\007200</subfield>
  </datafield>
  <datafield tag="712" ind1="0" ind2="0">
    <subfield code="a">Alessi, Stefano</subfield>
    <subfield code="3">IT\ICCU\CNCT\001260</subfield>
    <subfield code="4">650</subfield>
  </datafield>
  <datafield tag="790" ind1=" " ind2="1">
    <subfield code="a">Beolco,</subfield>
    <subfield code="b">Angelo</subfield>
    <subfield code="3">IT\ICCU\CNCA\007201</subfield>
    <subfield code="z">Ruzzante</subfield>
  </datafield>
  <datafield tag="790" ind1=" " ind2="0">
    <subfield code="a">Ruzante</subfield>
    <subfield code="3">IT\ICCU\CNCA\018049</subfield>
    <subfield code="z">Ruzzante</subfield>
  </datafield>
  <datafield tag="791" ind1="0" ind2="0">
    <subfield code="a">Alesi, Stephano de</subfield>
    <subfield code="3">IT\ICCU\CNCT\004229</subfield>
    <subfield code="z">Alessi, Stefano</subfield>
  </datafield>
  <datafield tag="801" ind1=" " ind2="3">
    <subfield code="a">IT</subfield>
    <subfield code="b">ICCU</subfield>
    <subfield code="c">20201115</subfield>
  </datafield>
  <datafield tag="899" ind1=" " ind2=" ">
    <subfield code="a">Biblioteca del Clero di S. Alessandro in Colonna (depositata presso Bibl. mons. G.M. Radini Tedeschi). Bergamo</subfield>
    <subfield code="1">BG0043</subfield>
    <subfield code="2">LO1 56</subfield>
  </datafield>
  <datafield tag="899" ind1=" " ind2=" ">
    <subfield code="a">Biblioteca universitaria. Genova</subfield>
    <subfield code="1">GE0038</subfield>
    <subfield code="2">LIG 01</subfield>
  </datafield>
  <datafield tag="899" ind1=" " ind2=" ">
    <subfield code="a">Biblioteca Archivio Museo. Bassano del Grappa</subfield>
    <subfield code="1">VI0005</subfield>
    <subfield code="2">VIA BA</subfield>
  </datafield>
  <datafield tag="899" ind1=" " ind2=" ">
    <subfield code="a">Biblioteca del Seminario vescovile. Vicenza</subfield>
    <subfield code="1">VI0101</subfield>
    <subfield code="2">PBE D1</subfield>
  </datafield>
  <datafield tag="899" ind1=" " ind2=" ">
    <subfield code="a">Biblioteca civica. Verona</subfield>
    <subfield code="1">VR0059</subfield>
    <subfield code="2">ZVR 02</subfield>
  </datafield>
  <datafield tag="911" ind1=" " ind2=" ">
    <subfield code="a">Sul front.</subfield>
    <subfield code="9">IT\ICCU\CNCM\000055</subfield>
  </datafield>
  <datafield tag="921" ind1=" " ind2=" ">
    <subfield code="a">IT\ICCU\CNCM\000055</subfield>
    <subfield code="b">Cavallo passante, paesaggio sullo sfondo.</subfield>
    <subfield code="c">Q27</subfield>
    <subfield code="c">V258</subfield>
    <subfield code="c">Z223</subfield>
    <subfield code="d">Dimensioni: 6,5 x 5</subfield>
    <subfield code="f">CAVALLO</subfield>
    <subfield code="f">PAESAGGIO</subfield>
    <subfield code="g">1551-1599</subfield>
  </datafield>
</record>
</collection>
